%%%%%%%%%%%%%%%%%%%%%%%%%%%%%%%%%%%%%%%%%%%%%
% サンプル ここから
%%%%%%%%%%%%%%%%%%%%%%%%%%%%%%%%%%%%%%%%%%%%%

@article{hinton2007learning,
  title={Learning multiple layers of representation},
  author={Hinton, Geoffrey E},
  journal={Trends in cognitive sciences},
  volume={11},
  number={10},
  pages={428--434},
  year={2007},
  publisher={Elsevier}
}

@book{sutton2018reinforcement,
  title={Reinforcement learning: An introduction},
  author={Sutton, Richard S and Barto, Andrew G},
  year={2018},
  publisher={MIT press}
}

@article{ran2013genome,
  title={Genome engineering using the CRISPR-Cas9 system},
  author={Ran, F Ann and Hsu, Patrick D and Wright, Jason and Agarwala, Vineeta and Scott, David A and Zhang, Feng},
  journal={Nature protocols},
  volume={8},
  number={11},
  pages={2281--2308},
  year={2013},
  publisher={Nature Publishing Group UK London}
}


@inproceedings{le2013building,
  title={Building high-level features using large scale unsupervised learning},
  author={Le, Quoc V},
  booktitle={2013 IEEE international conference on acoustics, speech and signal processing},
  pages={8595--8598},
  year={2013},
  organization={IEEE}
}

%%%%%%%%%%%%%%%%%%%%%%%%%%%%%%%%%%%%%%%%%%%%%
% サンプル ここまで
%%%%%%%%%%%%%%%%%%%%%%%%%%%%%%%%%%%%%%%%%%%%%